<collection xmlns="http://www.loc.gov/MARC21/slim">
<record>
  <leader>02927nam0a22004571i 450 </leader>
  <controlfield tag="001">IT\ICCU\CNCE\053160</controlfield>
  <controlfield tag="005">20021002000000.0</controlfield>
  <datafield tag="012" ind1=" " ind2=" ">
    <subfield code="a">asel s.ri s.si tuau (3) 1519 (R)</subfield>
    <subfield code="2">fei</subfield>
  </datafield>
  <datafield tag="100" ind1=" " ind2=" ">
    <subfield code="a">20020926f1519        0itac0103    ba</subfield>
  </datafield>
  <datafield tag="101" ind1=" " ind2=" ">
    <subfield code="a">LAT</subfield>
  </datafield>
  <datafield tag="102" ind1=" " ind2=" ">
    <subfield code="a">IT</subfield>
  </datafield>
  <datafield tag="200" ind1="1" ind2=" ">
    <subfield code="a">℗M. Tulii Ciceronis ℗Familiares epistulae diligentiore emendatione quam alias castigatae. Interpretantibus Ubertino clerico Crescentinate. Martino Philetico. Georgio Merula Alexandrino. Jodoco Badio Ascensio ... Eiusdem Jodocii Badii Ascensii Compendium esagogicum. In Ciceronis Epistolas introductiorium. Additis insuper quibusdam in libro miscelanearum per Angelum Politianum interpretatis. Una cum figuris suis locis apte dispositis nec non utilissimis apostillis: ac regularissima Tabula quae omnia notatu &amp;cognitu digna miro quodam ordine demonstrat</subfield>
  </datafield>
  <datafield tag="210" ind1=" " ind2=" ">
    <subfield code="a">?Venetiis</subfield>
    <subfield code="c">per Georgium de Rusconibus Mediolanenses</subfield>
    <subfield code="d">1519?</subfield>
  </datafield>
  <datafield tag="215" ind1=" " ind2=" ">
    <subfield code="a">287 c.</subfield>
    <subfield code="c">ill.; fol</subfield>
  </datafield>
  <datafield tag="300" ind1=" " ind2=" ">
    <subfield code="a">ANNULLATA !!!!!! vedi 12209((Front. e iniz. inc. - Got., rom. - Segn.: a-b6, A-Z8, &amp;8 ?8 R8, 2A-2K8. - A c. 260: 2G4; a c. 261: 2G3. - Notizie relative allo stampatore e alla data di stampa ricavate da: Adams</subfield>
  </datafield>
  <datafield tag="620" ind1=" " ind2=" ">
    <subfield code="a">IT</subfield>
    <subfield code="d">Venezia</subfield>
  </datafield>
  <datafield tag="700" ind1=" " ind2="1">
    <subfield code="a">Cicero,</subfield>
    <subfield code="b">Marcus Tullius</subfield>
    <subfield code="3">IT\ICCU\CNCA\002170</subfield>
  </datafield>
  <datafield tag="702" ind1=" " ind2="0">
    <subfield code="a">Ubertino</subfield>
    <subfield code="c"> : da#Crescentino</subfield>
    <subfield code="3">IT\ICCU\CNCA\003044</subfield>
  </datafield>
  <datafield tag="702" ind1=" " ind2="1">
    <subfield code="a">Filetico,</subfield>
    <subfield code="b">Martino</subfield>
    <subfield code="3">IT\ICCU\CNCA\003045</subfield>
  </datafield>
  <datafield tag="702" ind1=" " ind2="1">
    <subfield code="a">Poliziano,</subfield>
    <subfield code="b">Angelo</subfield>
    <subfield code="3">IT\ICCU\CNCA\000329</subfield>
  </datafield>
  <datafield tag="702" ind1=" " ind2="1">
    <subfield code="a">Merula,</subfield>
    <subfield code="b">Giorgio</subfield>
    <subfield code="3">IT\ICCU\CNCA\001156</subfield>
  </datafield>
  <datafield tag="702" ind1=" " ind2="1">
    <subfield code="a">Bade,</subfield>
    <subfield code="b">Josse</subfield>
    <subfield code="3">IT\ICCU\CNCA\001185</subfield>
  </datafield>
  <datafield tag="712" ind1="0" ind2="0">
    <subfield code="a">Rusconi, Giorgio</subfield>
    <subfield code="3">IT\ICCU\CNCT\000072</subfield>
    <subfield code="4">650</subfield>
  </datafield>
  <datafield tag="790" ind1=" " ind2="1">
    <subfield code="a">Tullius Cicero,</subfield>
    <subfield code="b">Marcus</subfield>
    <subfield code="3">IT\ICCU\CNCA\020042</subfield>
    <subfield code="z">Cicero, Marcus Tullius</subfield>
  </datafield>
  <datafield tag="790" ind1=" " ind2="0">
    <subfield code="a">Hubertinus</subfield>
    <subfield code="c"> : Crescentinas</subfield>
    <subfield code="3">IT\ICCU\CNCA\003292</subfield>
    <subfield code="z">Ubertino : da#Crescentino</subfield>
  </datafield>
  <datafield tag="790" ind1=" " ind2="1">
    <subfield code="a">Clerico,</subfield>
    <subfield code="b">Uberto</subfield>
    <subfield code="3">IT\ICCU\CNCA\017260</subfield>
    <subfield code="z">Ubertino : da#Crescentino</subfield>
  </datafield>
  <datafield tag="790" ind1=" " ind2="0">
    <subfield code="a">Ubertinus</subfield>
    <subfield code="c"> : Clericus</subfield>
    <subfield code="3">IT\ICCU\CNCA\025013</subfield>
    <subfield code="z">Ubertino : da#Crescentino</subfield>
  </datafield>
  <datafield tag="790" ind1=" " ind2="1">
    <subfield code="a">Phileticus,</subfield>
    <subfield code="b">Martinus</subfield>
    <subfield code="3">IT\ICCU\CNCA\014812</subfield>
    <subfield code="z">Filetico, Martino</subfield>
  </datafield>
  <datafield tag="790" ind1=" " ind2="1">
    <subfield code="a">Ambrogini,</subfield>
    <subfield code="b">Angelo</subfield>
    <subfield code="3">IT\ICCU\CNCA\005379</subfield>
    <subfield code="z">Poliziano, Angelo</subfield>
  </datafield>
  <datafield tag="790" ind1=" " ind2="1">
    <subfield code="a">Politianus,</subfield>
    <subfield code="b">Angelus</subfield>
    <subfield code="3">IT\ICCU\CNCA\014886</subfield>
    <subfield code="z">Poliziano, Angelo</subfield>
  </datafield>
  <datafield tag="790" ind1=" " ind2="1">
    <subfield code="a">Policiano,</subfield>
    <subfield code="b">Angelo</subfield>
    <subfield code="3">IT\ICCU\CNCA\023052</subfield>
    <subfield code="z">Poliziano, Angelo</subfield>
  </datafield>
  <datafield tag="790" ind1=" " ind2="0">
    <subfield code="a">Georgius</subfield>
    <subfield code="c"> : Alexandrinus</subfield>
    <subfield code="3">IT\ICCU\CNCA\014110</subfield>
    <subfield code="z">Merula, Giorgio</subfield>
  </datafield>
  <datafield tag="790" ind1=" " ind2="1">
    <subfield code="a">Merula,</subfield>
    <subfield code="b">Georgius</subfield>
    <subfield code="3">IT\ICCU\CNCA\014655</subfield>
    <subfield code="z">Merula, Giorgio</subfield>
  </datafield>
  <datafield tag="790" ind1=" " ind2="0">
    <subfield code="a">Badius Ascensius Jodocus</subfield>
    <subfield code="3">IT\ICCU\CNCA\003294</subfield>
    <subfield code="z">Bade, Josse</subfield>
  </datafield>
  <datafield tag="790" ind1=" " ind2="0">
    <subfield code="a">Ascensius</subfield>
    <subfield code="3">IT\ICCU\CNCA\026332</subfield>
    <subfield code="z">Bade, Josse</subfield>
  </datafield>
  <datafield tag="791" ind1="0" ind2="0">
    <subfield code="a">Rusconibus, Georgius de</subfield>
    <subfield code="3">IT\ICCU\CNCT\005483</subfield>
    <subfield code="z">Rusconi, Giorgio</subfield>
  </datafield>
  <datafield tag="791" ind1="0" ind2="0">
    <subfield code="a">Rusco, Georgius</subfield>
    <subfield code="3">IT\ICCU\CNCT\005485</subfield>
    <subfield code="z">Rusconi, Giorgio</subfield>
  </datafield>
  <datafield tag="791" ind1="0" ind2="0">
    <subfield code="a">Ruschoni, Zorzi di</subfield>
    <subfield code="3">IT\ICCU\CNCT\005487</subfield>
    <subfield code="z">Rusconi, Giorgio</subfield>
  </datafield>
  <datafield tag="801" ind1=" " ind2="3">
    <subfield code="a">IT</subfield>
    <subfield code="b">ICCU</subfield>
    <subfield code="c">20201115</subfield>
  </datafield>
  <datafield tag="899" ind1=" " ind2=" ">
    <subfield code="a">Biblioteca nazionale centrale. Firenze</subfield>
    <subfield code="1">FI0098</subfield>
    <subfield code="2">CFI CF</subfield>
  </datafield>
  <datafield tag="899" ind1=" " ind2=" ">
    <subfield code="a">Biblioteca Labronica Francesco Domenico Guerrazzi. Livorno</subfield>
    <subfield code="1">LI0011</subfield>
    <subfield code="2">LIA FA</subfield>
  </datafield>
</record>
</collection>
